@inproceedings{loshchilov-iclr17a,
 author    = {I. Loshchilov and F. Hutter},
 title     = {SGDR: Stochastic Gradient Descent with Warm Restarts},
 crossref  = {iclr17}
}

@inproceedings{biedenkapp-ecai20,
    author    = {A. Biedenkapp and H. Bozkurt and T. Eimer and F. Hutter and M. Lindauer},
    title     = {Dynamic {A}lgorithm {C}onfiguration: {F}oundation of a {N}ew {M}eta-{A}lgorithmic {F}ramework},
    crossref = {ecai20},
    pages     = {427--434}
}

@inproceedings{hutter-lion11a,
    author    = {F. Hutter and H. Hoos and K. Leyton-Brown},
    title     = {Sequential Model-Based Optimization for General Algorithm Configuration},
    pages     = {507-523},
    crossref  = {lion11},
    keywords = {Algorithm Configuration}
}